<record><leader>00000cas a22000007a 4500</leader><controlfield tag="001">12156307</controlfield><controlfield tag="008">850614d18681893ohuwr ne      0    0eng d</controlfield><datafield ind1=" " ind2=" " tag="010"><subfield code="a">sn 85026319 </subfield></datafield><datafield ind1=" " ind2=" " tag="040"><subfield code="a">NPX</subfield><subfield code="b">eng</subfield><subfield code="c">NPX</subfield><subfield code="d">NPU</subfield><subfield code="d">ONP</subfield><subfield code="d">OCLCQ</subfield><subfield code="d">OCLCF</subfield><subfield code="d">OCLCO</subfield></datafield><datafield ind1="1" ind2=" " tag="029"><subfield code="a">AU@</subfield><subfield code="b">000020377963</subfield></datafield><datafield ind1=" " ind2=" " tag="042"><subfield code="a">msc</subfield></datafield><datafield ind1=" " ind2=" " tag="043"><subfield code="a">n-us-oh</subfield></datafield><datafield ind1="0" ind2=" " tag="130"><subfield code="a">Pike County Republican (Waverly, Ohio : 1868)</subfield></datafield><datafield ind1="1" ind2="0" tag="245"><subfield code="a">Pike County Republican.</subfield></datafield><datafield ind1="3" ind2="0" tag="246"><subfield code="a">Republican</subfield></datafield><datafield ind1=" " ind2=" " tag="260"><subfield code="a">Waverly, O. [Ohio] :</subfield><subfield code="b">S.F. Wetmore,</subfield><subfield code="c">1868-1893.</subfield></datafield><datafield ind1=" " ind2=" " tag="300"><subfield code="a">v.</subfield></datafield><datafield ind1=" " ind2=" " tag="310"><subfield code="a">Weekly</subfield></datafield><datafield ind1="0" ind2=" " tag="362"><subfield code="a">Vol. 1, no. 1 (Sept. 24, 1868)-v. 51, no. 32 (Apr. 5, 1893).</subfield></datafield><datafield ind1=" " ind2=" " tag="500"><subfield code="a">Published as: Republican, Mar. 11, 1881-1882.</subfield></datafield><datafield ind1=" " ind2=" " tag="500"><subfield code="a">"Republican."</subfield></datafield><datafield ind1=" " ind2="0" tag="651"><subfield code="a">Waverly (Ohio)</subfield><subfield code="v">Newspapers.</subfield></datafield><datafield ind1=" " ind2="0" tag="651"><subfield code="a">Pike County (Ohio)</subfield><subfield code="v">Newspapers.</subfield></datafield><datafield ind1=" " ind2="7" tag="655"><subfield code="a">Newspapers.</subfield><subfield code="2">fast</subfield><subfield code="0">(OCoLC)fst01423814</subfield></datafield><datafield ind1=" " ind2="7" tag="651"><subfield code="a">Ohio</subfield><subfield code="z">Pike County.</subfield><subfield code="2">fast</subfield><subfield code="0">(OCoLC)fst01204991</subfield></datafield><datafield ind1=" " ind2="7" tag="651"><subfield code="a">Ohio</subfield><subfield code="z">Waverly.</subfield><subfield code="2">fast</subfield><subfield code="0">(OCoLC)fst01205352</subfield></datafield><datafield ind1=" " ind2=" " tag="752"><subfield code="a">United States</subfield><subfield code="b">Ohio</subfield><subfield code="c">Pike</subfield><subfield code="d">Waverly.</subfield></datafield><datafield ind1="0" ind2="0" tag="785"><subfield code="t">Waverly news (Waverly, Ohio)</subfield><subfield code="w">(DLC)sn 87075089</subfield></datafield></record>